<record><leader>00000cas a2200000 a 4500</leader><controlfield tag="001">17453598</controlfield><controlfield tag="008">880209d1986199uvaumr n       0    0eng c</controlfield><datafield ind1=" " ind2=" " tag="010"><subfield code="a">sn 98068057 </subfield></datafield><datafield ind1=" " ind2=" " tag="040"><subfield code="a">VRC</subfield><subfield code="b">eng</subfield><subfield code="c">VRC</subfield><subfield code="d">NVK</subfield><subfield code="d">OCLCQ</subfield><subfield code="d">NVK</subfield><subfield code="d">CUV</subfield><subfield code="d">OCLCF</subfield><subfield code="d">OCLCO</subfield></datafield><datafield ind1=" " ind2=" " tag="042"><subfield code="a">pcc</subfield></datafield><datafield ind1=" " ind2=" " tag="043"><subfield code="a">n-us-va</subfield><subfield code="a">n-us---</subfield></datafield><datafield ind1="1" ind2="4" tag="050"><subfield code="a">HQ76.95.U6</subfield><subfield code="b">R535</subfield></datafield><datafield ind1="0" ind2="4" tag="245"><subfield code="a">The Richmond pride.</subfield></datafield><datafield ind1=" " ind2=" " tag="260"><subfield code="3">&lt;Aug. 1986-&gt; :</subfield><subfield code="a">Richmond, Va. :</subfield><subfield code="b">R.V.G.L.A.,</subfield><subfield code="c">1986-</subfield></datafield><datafield ind1="3" ind2=" " tag="260"><subfield code="3">&lt;Mar. 1989-&gt; :</subfield><subfield code="a">Richmond, Va. :</subfield><subfield code="b">Pride Publication, Inc.</subfield></datafield><datafield ind1=" " ind2=" " tag="300"><subfield code="a">v. :</subfield><subfield code="b">ill. ;</subfield><subfield code="c">36-44 cm.</subfield></datafield><datafield ind1=" " ind2=" " tag="310"><subfield code="a">Monthly</subfield></datafield><datafield ind1="0" ind2=" " tag="362"><subfield code="a">Vol. 1, no. 1 (Aug. 1986)-</subfield></datafield><datafield ind1=" " ind2=" " tag="500"><subfield code="a">First issue entitled "The Newspaper."</subfield></datafield><datafield ind1=" " ind2=" " tag="500"><subfield code="a">Co-editors: &lt;June 1987-&gt;, Jim Giddings, and: Beverly Rainey.  Editor: &lt;Mar. 1989-&gt;, Beverly Rainey.</subfield></datafield><datafield ind1=" " ind2=" " tag="500"><subfield code="a">&lt;Mar. 1989-&gt;: "Serving the lesbian and gay community of the Greater Richmond area".</subfield></datafield><datafield ind1=" " ind2=" " tag="588"><subfield code="a">Latest issue consulted: Vol. 4, no. 6 (Jan. 1990).</subfield></datafield><datafield ind1=" " ind2="0" tag="650"><subfield code="a">Gays</subfield><subfield code="z">Virginia</subfield><subfield code="v">Newspapers.</subfield></datafield><datafield ind1=" " ind2="0" tag="650"><subfield code="a">Lesbians</subfield><subfield code="z">Virginia</subfield><subfield code="v">Newspapers.</subfield></datafield><datafield ind1=" " ind2="0" tag="650"><subfield code="a">Homosexuality</subfield><subfield code="z">Virginia</subfield><subfield code="v">Newspapers.</subfield></datafield><datafield ind1=" " ind2="0" tag="650"><subfield code="a">Lesbianism</subfield><subfield code="z">Virginia</subfield><subfield code="v">Newspapers.</subfield></datafield><datafield ind1=" " ind2="0" tag="650"><subfield code="a">Gay community</subfield><subfield code="z">Virginia</subfield><subfield code="z">Richmond</subfield><subfield code="v">Newspapers.</subfield></datafield><datafield ind1=" " ind2="0" tag="650"><subfield code="a">Gay liberation movement</subfield><subfield code="z">United States</subfield><subfield code="v">Newspapers.</subfield></datafield><datafield ind1=" " ind2="0" tag="650"><subfield code="a">Gay activists</subfield><subfield code="z">United States</subfield><subfield code="v">Newspapers.</subfield></datafield><datafield ind1=" " ind2="0" tag="650"><subfield code="a">AIDS (Disease)</subfield><subfield code="x">Social aspects</subfield><subfield code="z">United States</subfield><subfield code="v">Newspapers.</subfield></datafield><datafield ind1=" " ind2="0" tag="650"><subfield code="a">Gay bars</subfield><subfield code="z">Virginia</subfield><subfield code="v">Newspapers.</subfield></datafield><datafield ind1=" " ind2="0" tag="650"><subfield code="a">Gay business enterprises</subfield><subfield code="z">Virginia</subfield><subfield code="v">Newspapers.</subfield></datafield><datafield ind1=" " ind2="0" tag="651"><subfield code="a">Richmond (Va.)</subfield><subfield code="v">Newspapers.</subfield></datafield><datafield ind1=" " ind2="7" tag="655"><subfield code="a">Newspapers.</subfield><subfield code="2">fast</subfield><subfield code="0">(OCoLC)fst01423814</subfield></datafield><datafield ind1=" " ind2="7" tag="650"><subfield code="a">AIDS (Disease)</subfield><subfield code="x">Social aspects.</subfield><subfield code="2">fast</subfield><subfield code="0">(OCoLC)fst00793952</subfield></datafield><datafield ind1=" " ind2="7" tag="650"><subfield code="a">Gay activists.</subfield><subfield code="2">fast</subfield><subfield code="0">(OCoLC)fst00939048</subfield></datafield><datafield ind1=" " ind2="7" tag="650"><subfield code="a">Gay bars.</subfield><subfield code="2">fast</subfield><subfield code="0">(OCoLC)fst00939063</subfield></datafield><datafield ind1=" " ind2="7" tag="650"><subfield code="a">Gay business enterprises.</subfield><subfield code="2">fast</subfield><subfield code="0">(OCoLC)fst00939067</subfield></datafield><datafield ind1=" " ind2="7" tag="650"><subfield code="a">Gay community.</subfield><subfield code="2">fast</subfield><subfield code="0">(OCoLC)fst01432142</subfield></datafield><datafield ind1=" " ind2="7" tag="650"><subfield code="a">Gay liberation movement.</subfield><subfield code="2">fast</subfield><subfield code="0">(OCoLC)fst00939104</subfield></datafield><datafield ind1=" " ind2="7" tag="650"><subfield code="a">Gays.</subfield><subfield code="2">fast</subfield><subfield code="0">(OCoLC)fst00939255</subfield></datafield><datafield ind1=" " ind2="7" tag="650"><subfield code="a">Homosexuality.</subfield><subfield code="2">fast</subfield><subfield code="0">(OCoLC)fst00959755</subfield></datafield><datafield ind1=" " ind2="7" tag="650"><subfield code="a">Lesbianism.</subfield><subfield code="2">fast</subfield><subfield code="0">(OCoLC)fst00996514</subfield></datafield><datafield ind1=" " ind2="7" tag="650"><subfield code="a">Lesbians.</subfield><subfield code="2">fast</subfield><subfield code="0">(OCoLC)fst00996540</subfield></datafield><datafield ind1=" " ind2="7" tag="651"><subfield code="a">United States.</subfield><subfield code="2">fast</subfield><subfield code="0">(OCoLC)fst01204155</subfield></datafield><datafield ind1=" " ind2="7" tag="651"><subfield code="a">Virginia.</subfield><subfield code="2">fast</subfield><subfield code="0">(OCoLC)fst01204597</subfield></datafield><datafield ind1=" " ind2="7" tag="651"><subfield code="a">Virginia</subfield><subfield code="z">Richmond.</subfield><subfield code="2">fast</subfield><subfield code="0">(OCoLC)fst01205345</subfield></datafield><datafield ind1="1" ind2=" " tag="700"><subfield code="a">Giddings, Jim,</subfield><subfield code="e">ed.</subfield></datafield><datafield ind1="1" ind2=" " tag="700"><subfield code="a">Rainey, Beverly,</subfield><subfield code="e">ed.</subfield></datafield><datafield ind1="2" ind2=" " tag="710"><subfield code="a">Richmond Virginia Gay/Lesbian Alliance.</subfield></datafield><datafield ind1=" " ind2=" " tag="752"><subfield code="a">United States</subfield><subfield code="b">Virginia</subfield><subfield code="d">Richmond.</subfield></datafield></record>